<?xml version="1.0" encoding="UTF-8"?><record xmlns="http://www.loc.gov/MARC21/slim" xmlns:cinclude="http://apache.org/cocoon/include/1.0" xmlns:zs="http://www.loc.gov/zing/srw/">
  <leader>01501cz  a2200277n  4500</leader>
  <controlfield tag="001">n  94015923 </controlfield>
  <controlfield tag="003">DLC</controlfield>
  <controlfield tag="005">19940223080327.8</controlfield>
  <controlfield tag="008">940217n| acaaaaaa|          |a ana |||  </controlfield>
  <datafield tag="010" ind1=" " ind2=" ">
    <subfield code="a">n  94015923 </subfield>
  </datafield>
  <datafield tag="040" ind1=" " ind2=" ">
    <subfield code="a">DLC</subfield>
    <subfield code="c">DLC</subfield>
    <subfield code="d">DLC</subfield>
  </datafield>
  <datafield tag="050" ind1=" " ind2=" ">
    <subfield code="a">AS142</subfield>
    <subfield code="b">.L46</subfield>
  </datafield>
  <datafield tag="130" ind1=" " ind2="0">
    <subfield code="a">Zbirnyk Filolohichnoï sekt︠s︡iï Naukovoho tovarystva imeny Shevchenka u Lʹvovi</subfield>
  </datafield>
  <datafield tag="410" ind1="2" ind2="0">
    <subfield code="a">Naukove tovarystvo imeny Shevchenka (Lʹviv, Ukraine).</subfield>
    <subfield code="b">Filolohichna sekt︠s︡ii︠a︡.</subfield>
    <subfield code="t">Zbirnyk Filolohichnoï sekt︠s︡iï Naukovoho tovarystva imeny Shevchenka u Lʹvovi</subfield>
  </datafield>
  <datafield tag="410" ind1="2" ind2="0">
    <subfield code="w">nnaa</subfield>
    <subfield code="a">Naukove tovarystvo imeny Shevchenka.</subfield>
    <subfield code="b">Filologichna sektsii︠a︡.</subfield>
    <subfield code="t">Zbirnyk</subfield>
  </datafield>
  <datafield tag="530" ind1=" " ind2="0">
    <subfield code="w">b</subfield>
    <subfield code="a">Zapysky Naukovoho tovarystva im. Shevchenka</subfield>
  </datafield>
  <datafield tag="642" ind1=" " ind2=" ">
    <subfield code="a">t. 23</subfield>
    <subfield code="5">DLC</subfield>
  </datafield>
  <datafield tag="643" ind1=" " ind2=" ">
    <subfield code="a">Lʹviv</subfield>
    <subfield code="b">Nakladom tovarystva</subfield>
  </datafield>
  <datafield tag="644" ind1=" " ind2=" ">
    <subfield code="a">p</subfield>
    <subfield code="5">DLC</subfield>
  </datafield>
  <datafield tag="645" ind1=" " ind2=" ">
    <subfield code="a">t</subfield>
    <subfield code="5">DLC</subfield>
  </datafield>
  <datafield tag="646" ind1=" " ind2=" ">
    <subfield code="a">c</subfield>
    <subfield code="5">DLC</subfield>
  </datafield>
  <datafield tag="667" ind1=" " ind2=" ">
    <subfield code="a">Vols. &lt;29-33&gt; published by the Tovarystvo in New York</subfield>
  </datafield>
  <datafield tag="670" ind1=" " ind2=" ">
    <subfield code="a">Franko, T. Lys Mykyta, 1937:</subfield>
    <subfield code="b">ser. t.p. (Zbirnyk Filolohichnoï sekt︠s︡iï Naukovoho tovarystva imeny Shevchenka u Lʹvovi)</subfield>
  </datafield>
  <datafield tag="670" ind1=" " ind2=" ">
    <subfield code="a">Serloc sv92-55462</subfield>
    <subfield code="b">(Naukove tovarystvo imeni [sic imeny] Shevchenka. Filologichna sekt︠s︡ii︠a︡. Zbirnyk)</subfield>
  </datafield>
  <datafield tag="670" ind1=" " ind2=" ">
    <subfield code="a">LC manual cat.</subfield>
    <subfield code="b">(hdg.: Naukove tovarystvo imeny Shevchenka. Filolohichna sektsii︠a︡. Zbirnyk; vols. 29-30 issued as the Zapysky of the Naukove tovarystvo im. Shevchenka (AS 142.L45))</subfield>
  </datafield>
  <datafield tag="675" ind1=" " ind2=" ">
    <subfield code="a">Ivan Franko--mystet︠s︡ʹ i myslytelʹ, 1981: t.p. (Zapysky Naukovoho tovarystva im. Shevchenka)</subfield>
  </datafield>
</record>